<?xml version="1.0" encoding="UTF-8"?><record xmlns="http://www.loc.gov/MARC21/slim" xmlns:cinclude="http://apache.org/cocoon/include/1.0" xmlns:zs="http://www.loc.gov/zing/srw/">
  <leader>00620cz  a2200169n  4500</leader>
  <controlfield tag="001">n  81109544 </controlfield>
  <controlfield tag="003">DLC</controlfield>
  <controlfield tag="005">20090122081052.0</controlfield>
  <controlfield tag="008">811001n| acannaabn          |a aaa      </controlfield>
  <datafield tag="010" ind1=" " ind2=" ">
    <subfield code="a">n  81109544 </subfield>
  </datafield>
  <datafield tag="035" ind1=" " ind2=" ">
    <subfield code="a">(OCoLC)oca00654594</subfield>
  </datafield>
  <datafield tag="040" ind1=" " ind2=" ">
    <subfield code="a">DLC</subfield>
    <subfield code="b">eng</subfield>
    <subfield code="c">DLC</subfield>
    <subfield code="d">OCoLC</subfield>
  </datafield>
  <datafield tag="100" ind1="1" ind2=" ">
    <subfield code="a">Marsily, Ghislain de</subfield>
  </datafield>
  <datafield tag="400" ind1="1" ind2=" ">
    <subfield code="a">De Marsily, Ghislain</subfield>
  </datafield>
  <datafield tag="400" ind1="1" ind2=" ">
    <subfield code="a">Marsily, G. de</subfield>
    <subfield code="q">(Ghislain de)</subfield>
  </datafield>
  <datafield tag="670" ind1=" " ind2=" ">
    <subfield code="a">Predictive geology, c1981 (a.e.)</subfield>
    <subfield code="b">t.p. (Ghislain de Marsily, dir., Centre d'Informatique Ge휍혖ologique, Ecole des Mines de Paris, Fontainebleau)</subfield>
  </datafield>
  <datafield tag="670" ind1=" " ind2=" ">
    <subfield code="a">His Hydroge휍혖ologie quantitative, 1981:</subfield>
    <subfield code="b">t.p. (G. de Marsily, professeur)</subfield>
  </datafield>
</record>